<record><leader>00000cas a22000007a 4500</leader><controlfield tag="001">1757613</controlfield><controlfield tag="008">751101d19261933mnuwr pe      0    0eng d</controlfield><datafield ind1=" " ind2=" " tag="010"><subfield code="a">sn 90059752 </subfield></datafield><datafield ind1=" " ind2=" " tag="040"><subfield code="a">MUL</subfield><subfield code="b">eng</subfield><subfield code="c">MUL</subfield><subfield code="d">MN#</subfield><subfield code="d">OCLCQ</subfield><subfield code="d">DLC</subfield><subfield code="d">OCLCQ</subfield></datafield><datafield ind1=" " ind2=" " tag="042"><subfield code="a">msc</subfield></datafield><datafield ind1=" " ind2=" " tag="043"><subfield code="a">n-us-mn</subfield></datafield><datafield ind1=" " ind2=" " tag="052"><subfield code="a">4144</subfield><subfield code="b">M5</subfield></datafield><datafield ind1="0" ind2="4" tag="245"><subfield code="a">The Minneapolis downtown shopping news.</subfield></datafield><datafield ind1=" " ind2=" " tag="260"><subfield code="a">Minneapolis, Minn. :</subfield><subfield code="b">Minneapolis Shopping News Co.,</subfield><subfield code="c">-1933.</subfield></datafield><datafield ind1=" " ind2=" " tag="300"><subfield code="a">v.</subfield></datafield><datafield ind1=" " ind2=" " tag="310"><subfield code="a">Weekly</subfield></datafield><datafield ind1="1" ind2=" " tag="362"><subfield code="a">Began in 1926.</subfield></datafield><datafield ind1="0" ind2=" " tag="362"><subfield code="a">-7th year, no. 13 (Feb. 13, 1933).</subfield></datafield><datafield ind1=" " ind2=" " tag="530"><subfield code="a">Available on microfilm from the Minnesota Historical Society.</subfield></datafield><datafield ind1=" " ind2=" " tag="588"><subfield code="a">Description based on: Vol. 3, no. 36 (July 29, 1929).</subfield></datafield><datafield ind1=" " ind2="0" tag="650"><subfield code="a">Shopping</subfield><subfield code="z">Minnesota</subfield><subfield code="z">Minneapolis</subfield><subfield code="v">Periodicals.</subfield></datafield><datafield ind1="0" ind2="0" tag="785"><subfield code="t">Minneapolis shopping news (Minneapolis, Minn. : 1933)</subfield><subfield code="w">(DLC)sn 90059753</subfield></datafield><datafield ind1="1" ind2=" " tag="029"><subfield code="a">AU@</subfield><subfield code="b">000026518759</subfield></datafield></record>